@misc{PBC,
    author={Georgios Tsimos and Julian Loss and Charalampos Papamanthou},
    title= {Gossiping For Communication-Efficient Broadcast},
    howpublished= {Cryptology ePrint Archive, Report 2020/894},
    year= {2020},
    note = {\url{https://ia.cr/2020/894}},
}

@inproceedings{miller2016honey,
  title={The honey badger of BFT protocols},
  author={Miller, Andrew and Xia, Yu and Croman, Kyle and Shi, Elaine and Song, Dawn},
  booktitle={Proceedings of the 2016 ACM SIGSAC conference on computer and communications security},
  pages={31--42},
  year={2016}
}

@inproceedings{cachin2001secure,
  title={Secure and efficient asynchronous broadcast protocols},
  author={Cachin, Christian and Kursawe, Klaus and Petzold, Frank and Shoup, Victor},
  booktitle={Annual International Cryptology Conference},
  pages={524--541},
  year={2001},
  organization={Springer}
}

@inproceedings{ben1994asynchronous,
  title={Asynchronous secure computations with optimal resilience},
  author={Ben-Or, Michael and Kelmer, Boaz and Rabin, Tal},
  booktitle={Proceedings of the thirteenth annual ACM symposium on Principles of distributed computing},
  pages={183--192},
  year={1994}
}

@inproceedings{guo2020dumbo,
  title={Dumbo: Faster asynchronous bft protocols},
  author={Guo, Bingyong and Lu, Zhenliang and Tang, Qiang and Xu, Jing and Zhang, Zhenfeng},
  booktitle={Proceedings of the 2020 ACM SIGSAC Conference on Computer and Communications Security},
  pages={803--818},
  year={2020}
}
